@article{martin,
	author="Martin Dominik",
	title="Studying planet populations by gravitational microlensing",
	journal="Gen Relativ Gravit",
	volume="42",
	pages="2075--2100",
	year="2010"
}

@misc{gaudi,
	author="B. Scott Gaudi",
	title="Exoplanetary Microlensing",
	year={2010}
}

@article{PLANET,
	author="Albrow, Michael D. and others",
	collaboration = "PLANET",
	title = "{The 1995 Pilot campaign of PLANET:
	Searching for Microlensing Anomalies through Precise, Rapid, Round-the-Clock Monitoring}",
	journal = "Astrophys. J.",
	volume = "509",
	pages = "687",
	year = "1998"
}

@article{dom_ambiguities,
	author="Martin Dominik",
	title="Ambiguities in fits of observed binary lens galactic microlensing events",
	journal="Astronomy \& Astrophysics",
	volume="341",
	pages="943--953",
	year="1999"
}

@article{dom_properties,
	author="Martin Dominik",
	title="Stochastic distributions of lens and source properties for observed galactic microlensing events",
	journal="Mon. Not. R. Astron. Soc.",
	volume="367",
	pages="669--692",
	year="2006"
}

@article{gaudi_interpret,
	author="B. Scott Gaudi and Cheongho Han",
	title="The Many Possible Interpretationso f MIcrolensing Event OGLE 2002-BLG-055",
	journal="The Astrophysical Journal",
	publisher="American Astronomical Society",
	volume="611",
	pages="528--536",
	year="2004",
	month="Aug"
}

@article{gaudi_parameters,
	author="B. Scott Gaudi and Andrew Gould",
	title="Planet Parameters in Microlensing Events",
	journal="The Astrophysical Journal",
	publisher="American Astronomical Society",
	volume="486",
	pages="85--99",
	year="1997",
	month="Sep"
}

@book{gl_princ,
	author="Arthur B. Congdon and Charles R. Keeton",
	title="Principles of Gravitational Lensing: Light Deflection as a Probe of Astrophysics and Cosmology",
	publisher="Springer Nature Switzerland",
	address="Cham, Switzerland",
	year="2018"
}

@article{gould_discovering,
	author="Andrew Gould and Abraham Loeb",
	title="Discovering Planetary Systems Through Gravitational Microlenses",
	journal="The Astrophysical Journal",
	publisher="American Astronomical Society",
	volume="396",
	pages="104--114",
	year="1992",
	month="Sep"
}

@article{lazorenko_noise,
	author="P.F. Lazorenko and G. A. Lazorenko",
	title="Filtration of atmospheric noise in narrow-field astrometry with very large telescopes",
	journal="Astronomy \& Astrophysics",
	publisher="EDP Sciences",
	volume="427",
	number="3",
	pages="1127--1143",
	year="2004",
	month="Nov"
}

@article{witt_mag,
	author="Hans J. Witt and Shude Mao",
	title="On the Minimum Magnification Between Caustic Crossings for Microlensing by Binary Stars",
	journal="The Astrophysical Journal",
	publisher="American Astronomical Society",
	volume="447",
	pages="L105--L108",
	year="1995",
	month="Jul"
}

@article{paczynski,
	author="Bohdan Paczynski",
	title="Gravitational Microlensing in the Local Group",
	journal="Annual Review of Astronomy and Astrophysics",
	publisher="Annual Reviews",
	volume="34",
	pages="419-459",
	year="1996",
	month="Sep"
}

@misc{ogle,
	title="OGLE Project",
	howpublished={\url{http://ogle.astrouw.edu.pl/}},
	note = {Accessed: 2020-2021}
}
